@article{Salemi:2019owp,
    author = "Abbott, B.P. and others",
    collaboration = "LIGO Scientific and Virgo Collaborations",
    title = "{Search for Eccentric Binary Black Hole Mergers with Advanced LIGO and Advanced Virgo during their First and Second Observing Runs}",
    eprint = "1907.09384",
    archivePrefix = "arXiv",
    primaryClass = "astro-ph.HE",
    reportNumber = "LIGO Document P1900110",
    doi = "10.3847/1538-4357/ab3c2d",
    journal = "Astrophys. J.",
    volume = "883",
    number = "2",
    pages = "149",
    year = "2019"
}

@article{Sperhake:2007gu,
    author = "Sperhake, Ulrich and Berti, Emanuele and Cardoso, Vitor and Gonzalez, Jose A. and Bruegmann, Bernd and Ansorg, Marcus",
    title = "{Eccentric binary black-hole mergers: The Transition from inspiral to plunge in general relativity}",
    eprint = "0710.3823",
    archivePrefix = "arXiv",
    primaryClass = "gr-qc",
    doi = "10.1103/PhysRevD.78.064069",
    journal = "Phys. Rev. D",
    volume = "78",
    pages = "064069",
    year = "2008"
}

@article{Sperhake:2019wwo,
    author = "Sperhake, U. and Rosca-Mead, R. and Gerosa, D. and Berti, E.",
    title = "{Amplification of superkicks in black-hole binaries through orbital eccentricity}",
    eprint = "1910.01598",
    archivePrefix = "arXiv",
    primaryClass = "gr-qc",
    doi = "10.1103/PhysRevD.101.024044",
    journal = "Phys. Rev. D",
    volume = "101",
    number = "2",
    pages = "024044",
    year = "2020"
}

@article{Sperhake:2006cy,
    author = "Sperhake, Ulrich",
    title = "{Binary black-hole evolutions of excision and puncture data}",
    eprint = "gr-qc/0606079",
    archivePrefix = "arXiv",
    doi = "10.1103/PhysRevD.76.104015",
    journal = "Phys. Rev. D",
    volume = "76",
    pages = "104015",
    year = "2007"
}

@article{Clough:2015sqa,
    author = "Clough, Katy and Figueras, Pau and Finkel, Hal and Kunesch, Markus and Lim, Eugene A. and Tunyasuvunakool, Saran",
    title = "{GRChombo : Numerical Relativity with Adaptive Mesh Refinement}",
    eprint = "1503.03436",
    archivePrefix = "arXiv",
    primaryClass = "gr-qc",
    reportNumber = "KCL-PH-TH-2015-40",
    doi = "10.1088/0264-9381/32/24/245011",
    journal = "Classical Quantum Gravity.",
    volume = "32",
    pages = "245011",
    year = "2015"
}

@manual{GRChomboWebsite,
    collaboration = "GRChombo", 
    note = "\url{http://www.grchombo.org/}"
    }


@book{Alcubierre:2008co,
  title     = "{Introduction to 3+1 Numerical Relativity}",
  author    = "Alcubierre, Miguel",
  abstract  = "This book introduces the modern field of 3+1 numerical
               relativity. It has been written in a way as to be as
               self-contained as possible, and assumes a basic knowledge of
               special relativity. Starting from a brief introduction to
               general relativity, it discusses the different concepts and
               tools necessary for the fully consistent numerical simulation of
               relativistic astrophysical systems, with strong and dynamical
               gravitational fields. Among the topics discussed in detail are
               the following: the initial data problem, hyperbolic reductions
               of the field equations, gauge conditions, the evolution of black
               hole space-times, relativistic hydrodynamics, gravitational wave
               extraction, and numerical methods. There is also a final chapter
               with examples of some simple numerical space-times.",
  publisher = "Oxford University Press",
  series    = "International Series of Monographs on Physics",
  year      =  2008,
  address   = "Oxford",
  keywords  = "relativistic astrophysical systems; dynamical gravitational
               fields; initial data problem; hyperbolic reductions; gauge
               conditions; black hole space-times; relativistic hydrodynamics;
               gravitational wave extraction ER",
  isbn      = "9780199205677",
  doi       = "10.1093/acprof:oso/9780199205677.001.0001"
}


@techreport{ChomboReport,
    author = "Adams, M and others",
    title = "{Chombo Software Package for AMR Applications - Design Document}",
    number = "LBNL-6616E",
    institution = "Lawrence Berkeley National Laboratory",
    url = "https://commons.lbl.gov/download/attachments/73468344/chomboDesign.pdf?version=1&modificationDate=1554672305006&api=v2",
    year = "2019"
    }

@article{Husa:2007hp,
    author = "Husa, Sascha and Gonzalez, Jose A. and Hannam, Mark and Bruegmann, Bernd and Sperhake, Ulrich",
    title = "{Reducing phase error in long numerical binary black hole evolutions with sixth order finite differencing}",
    eprint = "0706.0740",
    archivePrefix = "arXiv",
    primaryClass = "gr-qc",
    doi = "10.1088/0264-9381/25/10/105006",
    journal = "Classical Quantum Gravity.",
    volume = "25",
    pages = "105006",
    year = "2008"
}

@article{Berger1991,
    author={M. {Berger} and I. {Rigoutsos}},
    journal={IEEE Trans. Sys. Man \& Cybernet.}, 
    title={An algorithm for point clustering and grid generation}, 
    year={1991},
    volume={21},
    number={5},
    pages={1278-1286},
    doi = "10.1109/21.120081",
}

@article{Berger1984,
    title = "Adaptive mesh refinement for hyperbolic partial differential equations",
    journal = "J. Comp. Phys.",
    volume = "53",
    number = "3",
    pages = "484 - 512",
    year = "1984",
    issn = "0021-9991",
    doi = "https://doi.org/10.1016/0021-9991(84)90073-1",
    url = "http://www.sciencedirect.com/science/article/pii/0021999184900731",
    author = "Marsha J Berger and Joseph Oliger"
}

@article{Brandt:1997tf,
    author = "Brandt, Steven and Bruegmann, Bernd",
    title = "{A Simple construction of initial data for multiple black holes}",
    eprint = "gr-qc/9703066",
    archivePrefix = "arXiv",
    doi = "10.1103/PhysRevLett.78.3606",
    journal = "Phys. Rev. Lett.",
    volume = "78",
    pages = "3606--3609",
    year = "1997"
}

@article{Bowen:1980yu,
    author = "Bowen, Jeffrey M. and York, James W.",
    title = "{Time asymmetric initial data for black holes and black hole collisions}",
    doi = "10.1103/PhysRevD.21.2047",
    journal = "Phys. Rev. D",
    volume = "21",
    pages = "2047--2056",
    year = "1980"
}

@article{Ansorg:2004ds,
    author = "Ansorg, Marcus and Bruegmann, Bernd and Tichy, Wolfgang",
    title = "{A Single-domain spectral method for black hole puncture data}",
    eprint = "gr-qc/0404056",
    archivePrefix = "arXiv",
    reportNumber = "CGPG-03-12-3",
    doi = "10.1103/PhysRevD.70.064011",
    journal = "Phys. Rev. D",
    volume = "70",
    pages = "064011",
    year = "2004"
}

@unpublished{Paschalidis:2013oya,
    author = "Paschalidis, Vasileios and Etienne, Zachariah B. and Gold, Roman and Shapiro, Stuart L.",
    title = "{An efficient spectral interpolation routine for the TwoPunctures code}",
    eprint = "1304.0457",
    archivePrefix = "arXiv",
    primaryClass = "gr-qc",
    journal = "",
    month = "4",
    year = "2013"
}

@article{Alic:2011gg,
    author = "Alic, Daniela and Bona-Casas, Carles and Bona, Carles and Rezzolla, Luciano and Palenzuela, Carlos",
    title = "{Conformal and covariant formulation of the Z4 system with constraint-violation damping}",
    eprint = "1106.2254",
    archivePrefix = "arXiv",
    primaryClass = "gr-qc",
    doi = "10.1103/PhysRevD.85.064040",
    journal = "Phys. Rev. D",
    volume = "85",
    pages = "064040",
    year = "2012"
}

@article{Alic:2013xsa,
    author = "Alic, Daniela and Kastaun, Wolfgang and Rezzolla, Luciano",
    title = "{Constraint damping of the conformal and covariant formulation of the Z4 system in simulations of binary neutron stars}",
    eprint = "1307.7391",
    archivePrefix = "arXiv",
    primaryClass = "gr-qc",
    reportNumber = "AEI-2013-231",
    doi = "10.1103/PhysRevD.88.064049",
    journal = "Phys. Rev. D",
    volume = "88",
    number = "6",
    pages = "064049",
    year = "2013"
}

@article{Brugmann:2008zz,
    author = "Bruegmann, Bernd and Gonzalez, Jose A. and Hannam, Mark and Husa, Sascha and Sperhake, Ulrich and Tichy, Wolfgang",
    title = "{Calibration of Moving Puncture Simulations}",
    eprint = "gr-qc/0610128",
    archivePrefix = "arXiv",
    doi = "10.1103/PhysRevD.77.024027",
    journal = "Phys. Rev. D",
    volume = "77",
    pages = "024027",
    year = "2008"
}

@article{Sperhake:2011zz,
    author = "Sperhake, U. and Bruegmann, B. and Muller, D. and Sopuerta, C.F.",
    editor = "Lehner, Luis and Pfeiffer, Harald P. and Poisson, E.",
    title = "{11-orbit inspiral of a mass ratio 4:1 black-hole binary}",
    doi = "10.1088/0264-9381/28/13/134004",
    journal = "Classical Quantum Gravity.",
    volume = "28",
    pages = "134004",
    year = "2011"
}

@article{Bekenstein:1973zz,
    author = "Bekenstein, Jacob D.",
    title = "{Gravitational-Radiation Recoil and Runaway Black Holes}",
    doi = "10.1086/152255",
    journal = "Astrophys. J.",
    volume = "183",
    pages = "657--664",
    year = "1973"
}

@article{Peres:1962zz,
    author = "Peres, Asher",
    title = "{Classical Radiation Recoil}",
    doi = "10.1103/PhysRev.128.2471",
    journal = "Phys. Rev.",
    volume = "128",
    pages = "2471--2475",
    year = "1962"
}

@article{Bonnor1961-wy,
    title     = "{Transport of momentum by gravitational waves: the linear
               approximation}",
    author    = "Bonnor, W B and Rotenberg, M A",
    journal   = "Proc. R. Soc. A",
    publisher = "Royal Society",
    volume    =  265,
    number    =  1320,
    pages     = "109--116",
    month     =  dec,
    year      =  1961,
    issn      = "0080-4630",
    doi       = "10.1098/rspa.1961.0226"
}
 
@article{Fitchett1983-xq,
    title     = "{The influence of gravitational wave momentum losses on the
               centre of mass motion of a Newtonian binary system}",
    author    = "Fitchett, M J",
    journal   = "Mon. Not. R. Astron. Soc.",
    publisher = "Oxford Academic",
    volume    =  203,
    number    =  4,
    pages     = "1049--1062",
    month     =  aug,
    year      =  1983,
    issn      = "0035-8711",
    doi       = "10.1093/mnras/203.4.1049"
}

@article{Blanchet:2005rj,
    author = "Blanchet, Luc and Qusailah, Moh'd S.S. and Will, Clifford M.",
    title = "{Gravitational recoil of inspiralling black-hole binaries to second post-Newtonian order}",
    eprint = "astro-ph/0507692",
    archivePrefix = "arXiv",
    doi = "10.1086/497332",
    journal = "Astrophys. J.",
    volume = "635",
    pages = "508",
    year = "2005"
}

@inproceedings{Hughes:2004ck,
    author = "Hughes, Scott A. and Favata, Marc and Holz, Daniel E.",
    title = "{How black holes get their kicks: Radiation recoil in binary black hole mergers}",
    booktitle = "{Conference on Growing Black Holes: Accretion in a Cosmological Context}",
    publisher = "Springer",
    address = "Berlin, Heidelberg, Germany",
    eprint = "astro-ph/0408492",
    archivePrefix = "arXiv",
    doi = "10.1007/11403913_64",
    month = "8",
    year = "2004"
}

@article{Damour:2006tr,
    author = "Damour, Thibault and Gopakumar, Achamveedu",
    title = "{Gravitational recoil during binary black hole coalescence using the effective one body approach}",
    eprint = "gr-qc/0602117",
    archivePrefix = "arXiv",
    doi = "10.1103/PhysRevD.73.124006",
    journal = "Phys. Rev. D",
    volume = "73",
    pages = "124006",
    year = "2006"
}

@article{Sopuerta:2006wj,
    author = "Sopuerta, Carlos F. and Yunes, Nicolas and Laguna, Pablo",
    title = "{Gravitational Recoil from Binary Black Hole Mergers: The Close-Limit Approximation}",
    eprint = "astro-ph/0608600",
    archivePrefix = "arXiv",
    reportNumber = "IGPG-06-8-2",
    doi = "10.1103/PhysRevD.78.049901",
    journal = "Phys. Rev. D",
    volume = "74",
    pages = "124010",
    year = "2006",
    note = "[Erratum: Phys.Rev.D 75, 069903(E) (2007), Erratum: Phys.Rev.D 78, 049901 (2008)]"
}

@article{Sopuerta:2006et,
    author = "Sopuerta, Carlos F. and Yunes, Nicolas and Laguna, Pablo",
    title = "{Gravitational recoil velocities from eccentric binary black hole mergers}",
    eprint = "astro-ph/0611110",
    archivePrefix = "arXiv",
    doi = "10.1086/512067",
    journal = "Astrophys. J. Lett.",
    volume = "656",
    pages = "L9--L12",
    year = "2007"
}

@article{LeTiec:2009yg,
    author = "Le Tiec, Alexandre and Blanchet, Luc and Will, Clifford M.",
    title = "{Gravitational-Wave Recoil from the Ringdown Phase of Coalescing Black Hole Binaries}",
    eprint = "0910.4594",
    archivePrefix = "arXiv",
    primaryClass = "gr-qc",
    doi = "10.1088/0264-9381/27/1/012001",
    journal = "Classical Quantum Gravity.",
    volume = "27",
    pages = "012001",
    year = "2010"
}

@article{Baker:2006vn,
    author = "Baker, John G. and Centrella, Joan and Choi, Dae-Il and Koppitz, Michael and van Meter, James R. and Miller, M.Coleman",
    title = "{Getting a kick out of numerical relativity}",
    eprint = "astro-ph/0603204",
    archivePrefix = "arXiv",
    doi = "10.1086/510448",
    journal = "Astrophys. J. Lett.",
    volume = "653",
    pages = "L93--L96",
    year = "2006"
}

@article{Herrmann:2007cwl,
    author = "Herrmann, Frank and Hinder, Ian and Shoemaker, Deirdre and Laguna, Pablo",
    title = "{Unequal mass binary black hole plunges and gravitational recoil}",
    doi = "10.1088/0264-9381/24/12/S04",
    journal = "Classical Quantum Gravity.",
    volume = "24",
    number = "12",
    pages = "S33--S42",
    year = "2007"
}

@article{Gonzalez:2006md,
    author = "Gonzalez, Jose A. and Sperhake, Ulrich and Bruegmann, Bernd and Hannam, Mark and Husa, Sascha",
    title = "{Total recoil: The Maximum kick from nonspinning black-hole binary inspiral}",
    eprint = "gr-qc/0610154",
    archivePrefix = "arXiv",
    doi = "10.1103/PhysRevLett.98.091101",
    journal = "Phys. Rev. Lett.",
    volume = "98",
    pages = "091101",
    year = "2007"
}

@article{Merritt:2004xa,
    author = "Merritt, David and Milosavljevic, Milos and Favata, Marc and Hughes, Scott A. and Holz, Daniel E.",
    title = "{Consequences of gravitational radiation recoil}",
    eprint = "astro-ph/0402057",
    archivePrefix = "arXiv",
    doi = "10.1086/421551",
    journal = "Astrophys. J. Lett.",
    volume = "607",
    pages = "L9--L12",
    year = "2004"
}

@article{Benacquista:2011kv,
    author = "Benacquista, Matthew J. and Downing, Jonathan M.B.",
    title = "{Relativistic Binaries in Globular Clusters}",
    eprint = "1110.4423",
    archivePrefix = "arXiv",
    primaryClass = "astro-ph.SR",
    doi = "10.12942/lrr-2013-4",
    journal = "Living Rev. Relaltivity",
    volume = "16",
    pages = "4",
    year = "2013"
}

@article{Morawski:2018kfs,
    author = "Morawski, J. and Giersz, M. and Askar, A. and Belczynski, K.",
    title = "{MOCCA-SURVEY Database I: Assessing GW kick retention fractions for BH\textendash{}BH mergers in globular clusters}",
    eprint = "1802.01192",
    archivePrefix = "arXiv",
    primaryClass = "astro-ph.GA",
    doi = "10.1093/mnras/sty2401",
    journal = "Mon. Not. R. Astron. Soc.",
    volume = "481",
    number = "2",
    pages = "2168--2179",
    year = "2018"
}

@article{Haiman:2004ve,
    author = "Haiman, Zoltan",
    title = "{Constraints from gravitational recoil on the growth of supermassive black holes at high redshift}",
    eprint = "astro-ph/0404196",
    archivePrefix = "arXiv",
    doi = "10.1086/422910",
    journal = "Astrophys. J.",
    volume = "613",
    pages = "36--40",
    year = "2004"
}

@article{Samsing:2017rat,
    author = "Samsing, Johan and Ramirez-Ruiz, Enrico",
    title = "{On the Assembly Rate of Highly Eccentric Binary Black Hole Mergers}",
    eprint = "1703.09703",
    archivePrefix = "arXiv",
    primaryClass = "astro-ph.HE",
    doi = "10.3847/2041-8213/aa6f0b",
    journal = "Astrophys. J. Lett.",
    volume = "840",
    number = "2",
    pages = "L14",
    year = "2017"
}

@article{Rodriguez:2018pss,
  title = {Post-{{Newtonian Dynamics}} in {{Dense Star Clusters}}: {{Formation}}, {{Masses}}, and {{Merger Rates}} of {{Highly}}-{{Eccentric Black Hole Binaries}}},
  shorttitle = {Post-{{Newtonian Dynamics}} in {{Dense Star Clusters}}},
  author = {Rodriguez, Carl L. and {Amaro-Seoane}, Pau and Chatterjee, Sourav and Kremer, Kyle and Rasio, Frederic A. and Samsing, Johan and Ye, Claire S. and Zevin, Michael},
  year = {2018},
  volume = {98},
  doi = {10.1103/PhysRevD.98.123005},
  archiveprefix = {arXiv},
  eprint = {1811.04926},
  eprinttype = {arxiv},
  journal = {Phys.Rev.D},
  language = {en},
  number = {12}
}

@article{Samsing:2017xmd,
    author = "Samsing, Johan",
    title = "{Eccentric Black Hole Mergers Forming in Globular Clusters}",
    eprint = "1711.07452",
    archivePrefix = "arXiv",
    primaryClass = "astro-ph.HE",
    doi = "10.1103/PhysRevD.97.103014",
    journal = "Phys. Rev. D",
    volume = "97",
    number = "10",
    pages = "103014",
    year = "2018"
}

@article{Samsing:2017oij,
    author = "Samsing, Johan and Askar, Abbas and Giersz, Mirek",
    title = "{MOCCA-SURVEY Database. I. Eccentric Black Hole Mergers during Binary\textendash{}Single Interactions in Globular Clusters}",
    eprint = "1712.06186",
    archivePrefix = "arXiv",
    primaryClass = "astro-ph.HE",
    doi = "10.3847/1538-4357/aaab52",
    journal = "Astrophys. J.",
    volume = "855",
    number = "2",
    pages = "124",
    year = "2018"
}

@article{Tagawa:2020jnc,
  title = {Eccentric {{Black Hole Mergers}} in {{Active Galactic Nuclei}}},
  author = {Tagawa, Hiromichi and Kocsis, Bence and Haiman, Zoltan and Bartos, Imre and Omukai, Kazuyuki and Samsing, Johan},
  year = {2021},
  volume = {907},
  pages = {L20},
  doi = {10.3847/2041-8213/abd4d3},
  url = {https://inspirehep.net/literature/1824348},
  urldate = {2021-02-09},
  journal = {Astrophys.J.Lett.},
  language = {en},
  number = {arXiv:2010.10526}
}


@unpublished{Samsing:2020tda,
    author = "Samsing, J. and Bartos, I. and D'Orazio, D.J. and Haiman, Z. and Kocsis, B. and Leigh, N.W.C. and Liu, B. and Pessah, M.E. and Tagawa, H.",
    title = "{Active Galactic Nuclei as Factories for Eccentric Black Hole Mergers}",
    eprint = "2010.09765",
    archivePrefix = "arXiv",
    primaryClass = "astro-ph.HE",
    month = "10",
    year = "2020"
}

@article{Abbott:2020tfl,
    author = "Abbott, R. and others",
    collaboration = "LIGO Scientific and Virgo Collaborations",
    title = "{GW190521: A Binary Black Hole Merger with a Total Mass of 150\,\,M\ensuremath{\odot}}",
    eprint = "2009.01075",
    archivePrefix = "arXiv",
    primaryClass = "gr-qc",
    doi = "10.1103/PhysRevLett.125.101102",
    journal = "Phys. Rev. Lett.",
    volume = "125",
    number = "10",
    pages = "101102",
    year = "2020"
}

@unpublished{Gayathri:2020coq,
    author = "Gayathri, V. and Healy, J. and Lange, J. and O'Brien, B. and Szczepanczyk, M. and Bartos, I. and Campanelli, M. and Klimenko, S. and Lousto, C. and O'Shaughnessy, R.",
    title = "{GW190521 as a Highly Eccentric Black Hole Merger}",
    eprint = "2009.05461",
    archivePrefix = "arXiv",
    primaryClass = "astro-ph.HE",
    journal = "",
    month = "9",
    year = "2020"
}

@article{Romero-Shaw:2020thy,
  title = {{{GW190521}}: Orbital Eccentricity and Signatures of Dynamical Formation in a Binary Black Hole Merger Signal},
  shorttitle = {{{GW190521}}},
  author = {{Romero-Shaw}, Isobel M. and Lasky, Paul D. and Thrane, Eric and Bustillo, Juan Calderon},
  year = {2020},
  volume = {903},
  pages = {L5},
  doi = {10.3847/2041-8213/abbe26},
  archiveprefix = {arXiv},
  eprint = {2009.04771},
  eprinttype = {arxiv},
  journal = {Astrophys.J.Lett.},
  language = {en},
  number = {1}
}

@article{AmaroSeoane:2009yr,
    author = "Amaro-Seoane, Pau and Miller, M.Coleman and Freitag, Marc",
    title = "{Gravitational waves from eccentric intermediate-mass black hole binaries}",
    eprint = "0901.0604",
    archivePrefix = "arXiv",
    primaryClass = "astro-ph.SR",
    doi = "10.1088/0004-637X/692/1/L50",
    journal = "Astrophys. J. Lett.",
    volume = "692",
    pages = "L50--L53",
    year = "2009"
}

@article{Huerta:2019oxn,
    author = "Huerta, E.A. and others",
    title = "{Physics of eccentric binary black hole mergers: A numerical relativity perspective}",
    eprint = "1901.07038",
    archivePrefix = "arXiv",
    primaryClass = "gr-qc",
    doi = "10.1103/PhysRevD.100.064003",
    journal = "Phys. Rev. D",
    volume = "100",
    number = "6",
    pages = "064003",
    year = "2019"
}

@InProceedings{Goodale2002a,
  author = {Tom Goodale and Gabrielle Allen and Gerd Lanfermann and Joan Mass{\'o} and Thomas Radke and Edward Seidel and John Shalf},
  title = {The {Cactus} Framework and Toolkit: Design and Applications},
  booktitle = {Vector and Parallel Processing -- VECPAR'2002, 5th International Conference, Lecture Notes in Computer Science},
  year =         2003,
  address =      {Berlin},
  publisher =    {Springer},
  url =          {http://edoc.mpg.de/3341},
}

@article{Nakamura:1987zz,
    author = "Nakamura, T. and Oohara, K. and Kojima, Y.",
    title = "{General Relativistic Collapse to Black Holes and Gravitational Waves from Black Holes}",
    doi = "10.1143/PTPS.90.1",
    journal = "Prog. Theor. Phys. Suppl.",
    volume = "90",
    pages = "1--218",
    year = "1987"
}

@article{Shibata:1995we,
    author = "Shibata, Masaru and Nakamura, Takashi",
    title = "{Evolution of three-dimensional gravitational waves: Harmonic slicing case}",
    doi = "10.1103/PhysRevD.52.5428",
    journal = "Phys. Rev. D",
    volume = "52",
    pages = "5428--5444",
    year = "1995"
}

@article{Baumgarte:1998te,
    author = "Baumgarte, Thomas W. and Shapiro, Stuart L.",
    title = "{On the numerical integration of Einstein's field equations}",
    eprint = "gr-qc/9810065",
    archivePrefix = "arXiv",
    doi = "10.1103/PhysRevD.59.024007",
    journal = "Phys. Rev. D",
    volume = "59",
    pages = "024007",
    year = "1998"
}

@article{Schnetter:2003rb,
    author = "Schnetter, Erik and Hawley, Scott H. and Hawke, Ian",
    title = "{Evolutions in 3-D numerical relativity using fixed mesh refinement}",
    eprint = "gr-qc/0310042",
    archivePrefix = "arXiv",
    reportNumber = "AEI-2003-078",
    doi = "10.1088/0264-9381/21/6/014",
    journal = "Classical Quantum Gravity.",
    volume = "21",
    pages = "1465--1488",
    year = "2004"
}

@article{Thornburg:2003sf,
    author = "Thornburg, Jonathan",
    title = "{A Fast apparent horizon finder for three-dimensional Cartesian grids in numerical relativity}",
    eprint = "gr-qc/0306056",
    archivePrefix = "arXiv",
    reportNumber = "AEI-2003-049",
    doi = "10.1088/0264-9381/21/2/026",
    journal = "Classical Quantum Gravity.",
    volume = "21",
    pages = "743--766",
    year = "2004"
}

@article{Baker:2005vv,
    author = "Baker, John G. and Centrella, Joan and Choi, Dae-Il and Koppitz, Michael and van Meter, James",
    title = "{Gravitational wave extraction from an inspiraling configuration of merging black holes}",
    eprint = "gr-qc/0511103",
    archivePrefix = "arXiv",
    doi = "10.1103/PhysRevLett.96.111102",
    journal = "Phys. Rev. Lett.",
    volume = "96",
    pages = "111102",
    year = "2006"
}

@article{Campanelli:2005dd,
    author = "Campanelli, Manuela and Lousto, C.O. and Marronetti, P. and Zlochower, Y.",
    title = "{Accurate evolutions of orbiting black-hole binaries without excision}",
    eprint = "gr-qc/0511048",
    archivePrefix = "arXiv",
    doi = "10.1103/PhysRevLett.96.111101",
    journal = "Phys. Rev. Lett.",
    volume = "96",
    pages = "111101",
    year = "2006"
}

@article{Ruiz:2007yx,
    author = "Ruiz, Milton and Takahashi, Ryoji and Alcubierre, Miguel and Nunez, Dario",
    title = "{Multipole expansions for energy and momenta carried by gravitational waves}",
    eprint = "0707.4654",
    archivePrefix = "arXiv",
    primaryClass = "gr-qc",
    doi = "10.1007/s10714-007-0570-8",
    journal = "Gen. Rel. Grav.",
    volume = "40",
    pages = "2467",
    year = "2008"
}

@inproceedings{Arnowitt:1962hi,
  author = "Arnowitt, R. and Deser, S. and Misner, C. W.",
  title = "The dynamics of general relativity",
  year = "1962",
  pages = "227-265",
  booktitle = "Gravitation an Introduction to Current Research",
  editor = "Witten, L.",
  publisher = "John Wiley, New York",
  eprint = "gr-qc/0405109",
  archivePrefix = "arXiv"}

@article{Gonzalez:2007hi,
  author = "Gonz{\'a}lez, J. A. and Hannam, M. D. and Sperhake, U. and Br{\"u}gmann, B. and Husa, S.",
  title = "Supermassive kicks for spinning black holes",
  journal = "Phys. Rev. Lett.",
  volume = "98",
  pages = "231101",
  year = "2007",
  doi = "10.1103/PhysRevLett.98.231101",
  eprint = "gr-qc/0702052",
  archivePrefix = "arXiv"}

@article{Campanelli:2007cga,
  author = "Campanelli, M. and Lousto, C. O. and Zlochower, Y. and Merritt, D.",
  title = "Maximum gravitational recoil",
  journal = "Phys. Rev. Lett.",
  volume = "98",
  doi = "10.1103/PhysRevLett.98.231102",
  year = "2007",
  pages = "231102",
  eprint = "gr-qc/0702133",
  archivePrefix = "arXiv"}
  

@INBOOK{York:1989jn,
  title    = "{Initial data for collisions of black holes and other
              gravitational miscellany}",
  author   = "York, Jr., J W",
  abstract = "The author reviews the method of constructing initial data for
              encounters among N black holes modeled by Einstein-Rosen bridges
              connecting two isometric sheets. A proof of uniqueness of the
              solution, depending explicitly on the inversion symmetry of the
              data, is given. Boundary conditions of the Robin type that can be
              employed to advantage at finite radii are given for the scalar
              and vector constraint equations and a proof of uniqueness is
              given in the latter case. The equation defining the apparent
              horizon of a black hole is derived in 3+1 form, including the
              minimal surface equation as a special case. Minkowski spacetime
              is described from the viewpoint of a curved spacelike
              hypersurface and a corresponding ``test bed'' numerical
              calculation is proposed.",
  pages    = "89",
  month    =  jan,
  year     =  1989,
  keywords = "Black Holes: Encounters; General Relativity: Numerical Methods",
  publisher = "Cambridge University Press",
  address   = "Cambridge, England"
}

@article{Bruegmann:2007zj,
  author = "Br{\"u}gmann, B. and Gonz{\'a}lez, J. A. and Hannam, M. D. and Husa, S. and Sperhake, U.",
  title = "Exploring black hole superkicks",
  year = "2008",
  doi = "10.1103/PhysRevD.77.124047",
  journal = "Phys. Rev. D",
  volume = "77",
  pages = "124047",
  eprint = "0707.0135",
  archivePrefix = "arXiv",
  primaryClass = "gr-qc"}
  
@article{Lousto:2009ka,
  author = "Lousto, C. O. and Nakano, H. and Zlochower, Y. and Campanelli, M.",
  title = "{Statistical studies of Spinning Black-Hole Binaries}",
  eprint = "0910.3197",
  archivePrefix = "arXiv",
  primaryClass = "gr-qc",
  doi = "10.1103/PhysRevD.81.084023",
  journal = "Phys. Rev. D",
  volume = "81",
  pages = "084023",
  year = "2010",
  note = "[Erratum: Phys. Rev. D 82, 129902 (2010)]"}

@article{Wiseman:1992dv,
  author = "Wiseman, A. G.",
  title = "{Coalescing binary systems of compact objects to (post)5/2 Newtonian order. 2. Higher order wave forms and radiation recoil}",
  reportNumber = "WUGRAV-92-2",
  doi = "10.1103/PhysRevD.46.1517",
  journal = "Phys. Rev. D",
  volume = "46",
  pages = "1517--1539",
  year = "1992"}
  
@article{Kesden:2014sla,
  author = "Kesden, M. and Gerosa, D. and O'Shaughnessy, R. and Berti, E. and Sperhake, U.",
  title = "{Effective potentials and morphological transitions for binary black-hole spin precession}",
  journal = "Phys. Rev. Lett.",
  volume = "114",
  year = "2015",
  number = "8",
  pages = "081103",
  doi = "10.1103/PhysRevLett.114.081103",
  eprint = "1411.0674",
  archivePrefix = "arXiv",
  primaryClass = "gr-qc"}
  
@article{Gerosa:2015tea,
  author = "Gerosa, D. and Kesden, M. and Sperhake, U.  and Berti, E. and O’Shaughnessy, R.",
  title = "{Multi-timescale analysis of phase transitions in precessing black-hole binaries}",
  journal = "Phys. Rev. D",
  volume = "92",
  year = "2015",
  number = "6",
  pages = "064016",
  doi = "10.1103/PhysRevD.92.064016",
  eprint = "1506.03492",
  archivePrefix = "arXiv",
  primaryClass = "gr-qc"}

@article{Hamilton:2019a, 
  author = "Hamilton, C. and Rafikov, R. R.",
  title = "{Secular dynamics of binaries in stellar clusters - I. General formulation and dependence on cluster potential}",
  journal = "Mon. Not. R. Astron. Soc.",
  year = "2019",
  volume = "488",
  number = "4",
  pages = "5489-5511",
  doi = "10.1093/mnras/stz1730",
  eprint = "1902.01344",
  archivePrefix = "arXiv"}

@article{Hamilton:2019b, 
  author = "Hamilton, C. and Rafikov, R. R.",
  title = "{Secular dynamics of binaries in stellar clusters - II. Dynamical evolution}",
  journal = "Mon. Not. R. Astron. Soc.",
  year = "2019",
  volume = "488",
  number = "4",
  pages = "5512-5535",
  doi = "10.1093/mnras/stz2026",
  archivePrefix = {arXiv},
  eprint = {1902.01345}}
  
@article{Bishop:2016lgv,
    author = "Bishop, Nigel T. and Rezzolla, Luciano",
    title = "{Extraction of Gravitational Waves in Numerical Relativity}",
    eprint = "1606.02532",
    archivePrefix = "arXiv",
    primaryClass = "gr-qc",
    doi = "10.1007/s41114-016-0001-9",
    journal = "Living Rev. Relativity",
    volume = "19",
    pages = "2",
    year = "2016"
}

@article{Loutrel:2018ydu,
    author = "Loutrel, Nicholas and Liebersbach, Samuel and Yunes, Nicol\'as and Cornish, Neil",
    title = "{The eccentric behavior of inspiralling compact binaries}",
    eprint = "1810.03521",
    archivePrefix = "arXiv",
    primaryClass = "gr-qc",
    doi = "10.1088/1361-6382/aaf2a9",
    journal = "Classical Quantum Gravity.",
    volume = "36",
    number = "2",
    pages = "025004",
    year = "2019"
}

@article{Memmesheimer:2004cv,
    author = "Memmesheimer, Raoul-Martin and Gopakumar, Achamveedu and Schaefer, Gerhard",
    title = "{Third post-Newtonian accurate generalized quasi-Keplerian parametrization for compact binaries in eccentric orbits}",
    eprint = "gr-qc/0407049",
    archivePrefix = "arXiv",
    doi = "10.1103/PhysRevD.70.104011",
    journal = "Phys. Rev. D",
    volume = "70",
    pages = "104011",
    year = "2004"
}

@article{Thornburg:1995cp,
  author = "Thornburg, J.",
  title = "{Finding apparent horizons in numerical relativity}",
  journal = "Phys. Rev. D",
  volume = "54",
  pages = "4899-4918",
  doi = "10.1103/PhysRevD.54.4899",
  year = "1996",
  eprint = "gr-qc/9508014",
  archivePredix = "arXiv"}
  
@article{Komossa:2012cy,
  author = "Komossa, S.",
  title = "{Recoiling black holes: electromagnetic signatures, candidates, and astrophysical implications}",
  journal = "Adv. Astron.",
  volume = "2012",
  pages = "364973",
  doi = "10.1155/2012/364973",
  year = "2012",
  eprint = "1202.1977",
  primaryClass = "astro-ph",
  archivePrefix = "arXiv"}
  
@article{Gerosa:2016vip,
  author = "Gerosa, Davide and Moore, Christopher J.",
  title = "{Black hole kicks as new gravitational wave observables}",
  journal = "Phys. Rev. Lett.",
  volume = "117",
  year = "2016",
  number = "1",
  pages = "011101",
  doi = "10.1103/PhysRevLett.117.011101",
  eprint = "1606.04226",
  archivePrefix = "arXiv",
  primaryClass = "gr-qc",
  reportNumber   = "LIGO-P1600118"}
  
@article{Sperhake:2009jz,
  author = "Sperhake, U. and Cardoso, V. and Pretorius, F. and Berti, E. and Hinderer, T. and Yunes, N.",
  title = "{Cross section, final spin and zoom-whirl behavior in high-energy black hole collisions}",
  year = "2009",
  doi = "10.1103/PhysRevLett.103.131102",
  journal = "Phys. Rev. Lett.",
  volume = "103",
  pages = "131102",
  eprint = "0907.1252",
  archivePrefix = "arXiv",
  primaryClass = "gr-qc"}
  
@article{Abbott:2016blz,
  author = "Abbott, B. P. and others",
  title = "{Observation of Gravitational Waves from a Binary Black Hole Merger}",
  journal = "Phys. Rev. Lett.",
  volume = "116",
  year = "2016",
  number = "6",
  pages = "061102",
  doi = "10.1103/PhysRevLett.116.061102",
  eprint = "1602.03837",
  archivePrefix = "arXiv",
  primaryClass = "gr-qc",
  reportNumber = "LIGO-P150914"}
  
@article{Campanelli:2006uy,
  author = "Campanelli, M. and Lousto, C. O. and Zlochower, Y.",
  title = "{Spinning-black-hole binaries: The orbital hang up}",
  journal = "Phys. Rev. D",
  volume = "74",
  pages = "041501(R)",
  year = "2006",
  doi = "10.1103/PhysRevD.74.041501",
  eprint = "gr-qc/0604012",
  archivePrefix = "arXiv"}
  
@article{Saulson:2010zz,
  author = "Saulson, P. R.",
  title = "{Josh Goldberg and the physical reality of gravitational waves}",
  journal = "Gen. Rel. Grav.",
  volume = "43",
  year = "2011",
  pages = "3289-3299",
  doi = "10.1007/s10714-011-1237-z"}

@article{Roedig:2011rn,
      author         = "Roedig, Constanze and Sesana, Alberto",
      title          = "{Origin and Implications of high eccentricities in
                        massive black hole binaries at sub-pc scales}",
      booktitle      = "{Gravitational waves. Numerical relativity - data
                        analysis. Proceedings, 9th Edoardo Amaldi Conference,
                        Amaldi 9, and meeting, NRDA 2011, Cardiff, UK, July 10-15,
                        2011}",
      journal        = "J. Phys. Conf. Ser.",
      volume         = "363",
      year           = "2012",
      pages          = "012035",
      doi            = "10.1088/1742-6596/363/1/012035",
      eprint         = "1111.3742",
      archivePrefix  = "arXiv",
      primaryClass   = "astro-ph.CO",
      SLACcitation   = "%%CITATION = ARXIV:1111.3742;%%"
}
@article{Blecha:2015baa,
      author         = "Blecha, Laura and Sijacki, Debora and Kelley, Luke Zoltan
                        and Torrey, Paul and Vogelsberger, Mark and Nelson, Dylan
                        and Springel, Volker and Snyder, Gregory and Hernquist,
                        Lars",
      title          = "{Recoiling black holes: prospects for detection and
                        implications of spin alignment}",
      journal        = "Mon. Not. R. Astron. Soc.",
      volume         = "456",
      year           = "2016",
      number         = "1",
      pages          = "961-989",
      doi            = "10.1093/mnras/stv2646",
      eprint         = "1508.01524",
      archivePrefix  = "arXiv",
      primaryClass   = "astro-ph.GA",
      SLACcitation   = "%%CITATION = ARXIV:1508.01524;%%"
}
@article{Colpi:2014poa,
      author         = "Colpi, Monica",
      title          = "{Massive binary black holes in galactic nuclei and their
                        path to coalescence}",
      journal        = "Space Sci. Rev.",
      volume         = "183",
      year           = "2014",
      number         = "1-4",
      pages          = "189-221",
      doi            = "10.1007/s11214-014-0067-1",
      eprint         = "1407.3102",
      archivePrefix  = "arXiv",
      primaryClass   = "astro-ph.GA",
      reportNumber   = "SPAC-D-14-00017R1",
      SLACcitation   = "%%CITATION = ARXIV:1407.3102;%%"
}
@article{Barack:2018yly,
      author         = "Barack, Leor and others",
      title          = "{Black holes, gravitational waves and fundamental
                        physics: a roadmap}",
      journal        = "Classical Quantum Gravity.",
      volume         = "36",
      year           = "2019",
      number         = "14",
      pages          = "143001",
      doi            = "10.1088/1361-6382/ab0587",
      eprint         = "1806.05195",
      archivePrefix  = "arXiv",
      primaryClass   = "gr-qc",
      SLACcitation   = "%%CITATION = ARXIV:1806.05195;%%"
}
@article{Lousto:2012su,
      author         = "Lousto, Carlos O. and Zlochower, Yosef and Dotti, Massimo
                        and Volonteri, Marta",
      title          = "{Gravitational Recoil From Accretion-Aligned Black-Hole
                        Binaries}",
      journal        = "Phys. Rev. D",
      volume         = "85",
      year           = "2012",
      pages          = "084015",
      doi            = "10.1103/PhysRevD.85.084015",
      eprint         = "1201.1923",
      archivePrefix  = "arXiv",
      primaryClass   = "gr-qc",
      SLACcitation   = "%%CITATION = ARXIV:1201.1923;%%"
}
@article{Berti:2012zp,
      author         = "Berti, Emanuele and Kesden, Michael and Sperhake, Ulrich",
      title          = "{Effects of post-Newtonian Spin Alignment on the
                        Distribution of Black-Hole Recoils}",
      journal        = "Phys. Rev. D",
      volume         = "85",
      year           = "2012",
      pages          = "124049",
      doi            = "10.1103/PhysRevD.85.124049",
      eprint         = "1203.2920",
      archivePrefix  = "arXiv",
      primaryClass   = "astro-ph.HE",
      SLACcitation   = "%%CITATION = ARXIV:1203.2920;%%"
}
@article{Kesden:2010ji,
      author         = "Kesden, Michael and Sperhake, Ulrich and Berti, Emanuele",
      title          = "{Relativistic Suppression of Black Hole Recoils}",
      journal        = "Astrophys. J.",
      volume         = "715",
      year           = "2010",
      pages          = "1006-1011",
      doi            = "10.1088/0004-637X/715/2/1006",
      eprint         = "1003.4993",
      archivePrefix  = "arXiv",
      primaryClass   = "astro-ph.CO",
      SLACcitation   = "%%CITATION = ARXIV:1003.4993;%%"
}
@article{Lousto:2011kp,
      author         = "Lousto, Carlos O. and Zlochower, Yosef",
      title          = "{Hangup Kicks: Still Larger Recoils by Partial Spin/Orbit
                        Alignment of Black-Hole Binaries}",
      journal        = "Phys. Rev. Lett.",
      volume         = "107",
      year           = "2011",
      pages          = "231102",
      doi            = "10.1103/PhysRevLett.107.231102",
      eprint         = "1108.2009",
      archivePrefix  = "arXiv",
      primaryClass   = "gr-qc",
      SLACcitation   = "%%CITATION = ARXIV:1108.2009;%%"
}
@article{Campanelli:2007ew,
      author         = "Campanelli, Manuela and Lousto, Carlos O. and Zlochower,
                        Yosef and Merritt, David",
      title          = "{Large merger recoils and spin flips from generic
                        black-hole binaries}",
      journal        = "Astrophys. J. Lett.",
      volume         = "659",
      year           = "2007",
      pages          = "L5-L8",
      doi            = "10.1086/516712",
      eprint         = "gr-qc/0701164",
      archivePrefix  = "arXiv",
      primaryClass   = "gr-qc",
      SLACcitation   = "%%CITATION = GR-QC/0701164;%%"
}
@article{Dotti:2009vz,
      author         = "Dotti, M. and Volonteri, M. and Perego, A. and Colpi, M.
                        and Ruszkowski, M. and Haardt, F.",
      title          = "{Dual black holes in merger remnants. II: spin evolution
                        and gravitational recoil}",
      journal        = "Mon. Not. R. Astron. Soc.",
      volume         = "402",
      year           = "2010",
      pages          = "682",
      doi            = "10.1111/j.1365-2966.2009.15922.x",
      eprint         = "0910.5729",
      archivePrefix  = "arXiv",
      primaryClass   = "astro-ph.HE",
      SLACcitation   = "%%CITATION = ARXIV:0910.5729;%%"
}
@article{Schnittman:2007sn,
      author         = "Schnittman, Jeremy D. and Buonanno, Alessandra",
      title          = "{The Distribution of Recoil Velocities from Merging Black
                        Holes}",
      journal        = "Astrophys. J. Lett.",
      volume         = "662",
      year           = "2007",
      pages          = "L63",
      doi            = "10.1086/519309",
      eprint         = "astro-ph/0702641",
      archivePrefix  = "arXiv",
      primaryClass   = "ASTRO-PH",
      SLACcitation   = "%%CITATION = ASTRO-PH/0702641;%%"
}
@article{Nishizawa:2016eza,
      author         = "Nishizawa, Atsushi and Sesana, Alberto and Berti,
                        Emanuele and Klein, Antoine",
      title          = "{Constraining stellar binary black hole formation
                        scenarios with eLISA eccentricity measurements}",
      journal        = "Mon. Not. R. Astron. Soc.",
      volume         = "465",
      year           = "2017",
      number         = "4",
      pages          = "4375-4380",
      doi            = "10.1093/mnras/stw2993",
      eprint         = "1606.09295",
      archivePrefix  = "arXiv",
      primaryClass   = "astro-ph.HE",
      SLACcitation   = "%%CITATION = ARXIV:1606.09295;%%"
}
@article{Breivik:2016ddj,
      author         = "Breivik, Katelyn and Rodriguez, Carl L. and Larson, Shane
                        L. and Kalogera, Vassiliki and Rasio, Frederic A.",
      title          = "{Distinguishing Between Formation Channels for Binary
                        Black Holes with LISA}",
      journal        = "Astrophys. J. Lett.",
      volume         = "830",
      year           = "2016",
      number         = "1",
      pages          = "L18",
      doi            = "10.3847/2041-8205/830/1/L18",
      eprint         = "1606.09558",
      archivePrefix  = "arXiv",
      primaryClass   = "astro-ph.GA",
      SLACcitation   = "%%CITATION = ARXIV:1606.09558;%%"
}
@article{Nishizawa:2016jji,
      author         = "Nishizawa, Atsushi and Berti, Emanuele and Klein, Antoine
                        and Sesana, Alberto",
      title          = "{eLISA eccentricity measurements as tracers of binary
                        black hole formation}",
      journal        = "Phys. Rev. D",
      volume         = "94",
      year           = "2016",
      number         = "6",
      pages          = "064020",
      doi            = "10.1103/PhysRevD.94.064020",
      eprint         = "1605.01341",
      archivePrefix  = "arXiv",
      primaryClass   = "gr-qc",
      SLACcitation   = "%%CITATION = ARXIV:1605.01341;%%"
}
@article{Bonetti:2018tpf,
      author         = "Bonetti, Matteo and Sesana, Alberto and Haardt, Francesco
                        and Barausse, Enrico and Colpi, Monica",
      title          = "{Post-Newtonian evolution of massive black hole triplets
                        in galactic nuclei – IV. Implications for LISA}",
      journal        = "Mon. Not. Roy. Astron. Soc.",
      volume         = "486",
      year           = "2019",
      number         = "3",
      pages          = "4044-4060",
      doi            = "10.1093/mnras/stz903",
      eprint         = "1812.01011",
      archivePrefix  = "arXiv",
      primaryClass   = "astro-ph.GA",
      SLACcitation   = "%%CITATION = ARXIV:1812.01011;%%"
}

@article{Healy:2017mvh,
    author = "Healy, James and Lousto, Carlos O. and Zlochower, Yosef",
    title = "{Nonspinning binary black hole merger scenario revisited}",
    eprint = "1705.07034",
    archivePrefix = "arXiv",
    primaryClass = "gr-qc",
    doi = "10.1103/PhysRevD.96.024031",
    journal = "Phys. Rev. D",
    volume = "96",
    number = "2",
    pages = "024031",
    year = "2017"
}

@article{Campanelli:1998jv,
  author = "Campanelli, M. and Lousto, C. O.",
  title = "Second order gauge invariant gravitational perturbations of a {K}err black hole",
  journal = "Phys. Rev. D",
  volume = "59",
  year = "1999",
  doi = "10.1103/PhysRevD.59.124022",
  pages = "124022",
  eprint = "gr-qc/9811019",
  archivePrefix = "arXiv"}
  
@article{Lousto:2007mh,
  author = "Lousto, C. O. and Zlochower, Y.",
  title = "{A practical formula for the radiated angular momentum}",
  journal = "Phys. Rev. D",
  eprint = "gr-qc/0703061",
  archivePrefix = "arXiv",
  doi = "10.1103/PhysRevD.76.041502",
  volume = "76",
  year = "2007",
  pages = "041502(R)"}

@article{Lousto:2019lyf,
  author = "Lousto, C. O. and Healy, J.",
  title = "{Kicking gravitational wave detectors with recoiling black holes}",
  journal = "Phys. Rev. D",
  volume = "100",
  year = "2019",
  number = "10",
  pages = "104039",
  doi = "10.1103/PhysRevD.100.104039",
  eprint = "arXiv:1908.04382 [gr-qc]"}
  
@article{Graham:2020gwr,
      author         = "Graham, M. J.  and Ford, K. E. S. and McKernan, B. and Ross, N. P. and Stern, D. and Burdge, K. and Coughlin, M. and others",
      title          = "{Candidate Electromagnetic Counterpart to the Binary
                        Black Hole Merger Gravitational Wave Event S190521g}",
      journal        = "Phys. Rev. Lett.",
      volume         = "124",
      year           = "2020",
      number         = "25",
      pages          = "251102",
      doi            = "10.1103/PhysRevLett.124.251102",
      eprint         = "2006.14122",
      archivePrefix  = "arXiv",
      primaryClass   = "astro-ph.HE",
      SLACcitation   = "%%CITATION = ARXIV:2006.14122;%%"
}

@unpublished{Chen:2020gek,
    author = "Chen, Hsin-Yu and Haster, Carl-Johan and Vitale, Salvatore and Farr, Will M. and Isi, Maximiliano",
    title = "{A Standard Siren Cosmological Measurement from the Potential GW190521 Electromagnetic Counterpart ZTF19abanrhr}",
    eprint = "2009.14057",
    archivePrefix = "arXiv",
    primaryClass = "astro-ph.CO",
    month = "9",
    year = "2020"
}
@article{CalderonBustillo:2018zuq,
      author         = "Calder\'on Bustillo, Juan and Clark, James A. and Laguna,
                        Pablo and Shoemaker, Deirdre",
      title          = "{Tracking black hole kicks from gravitational wave
                        observations}",
      journal        = "Phys. Rev. Lett.",
      volume         = "121",
      year           = "2018",
      number         = "19",
      pages          = "191102",
      doi            = "10.1103/PhysRevLett.121.191102",
      eprint         = "1806.11160",
      archivePrefix  = "arXiv",
      primaryClass   = "gr-qc",
      reportNumber   = "LIGO-P1800179",
      SLACcitation   = "%%CITATION = ARXIV:1806.11160;%%"
}
@article{Varma:2020nbm,
      author         = "Varma, Vijay and Isi, Maximiliano and Biscoveanu, Sylvia",
      title          = "{Extracting the Gravitational Recoil from Black Hole
                        Merger Signals}",
      journal        = "Phys. Rev. Lett.",
      volume         = "124",
      year           = "2020",
      number         = "10",
      pages          = "101104",
      doi            = "10.1103/PhysRevLett.124.101104",
      eprint         = "2002.00296",
      archivePrefix  = "arXiv",
      primaryClass   = "gr-qc",
      SLACcitation   = "%%CITATION = ARXIV:2002.00296;%%"
}
@article{Bona:1994dr,
  title = {A {{New}} Formalism for Numerical Relativity},
  author = {Bona, Carles and Masso, Joan and Seidel, Edward and Stela, Joan},
  year = {1995},
  volume = {75},
  pages = {600--603},
  doi = {10.1103/PhysRevLett.75.600},
  url = {https://inspirehep.net/literature/381760},
  urldate = {2021-02-14},
  archivePrefix = {arXiv},
  eprint = {gr-qc/9412071},
  journal = {Phys.Rev.Lett.},
  language = {en}
}


@article{Alcubierre:2002kk,
  title = {Gauge Conditions for Long Term Numerical Black Hole Evolutions 
without Excision},
  author = {Alcubierre, Miguel and Bruegmann, Bernd and Diener, Peter and 
Koppitz, Michael and Pollney, Denis and Seidel, Edward and Takahashi, Ryoji},
  year = {2003},
  volume = {67},
  doi = {10.1103/PhysRevD.67.084023},
  url = {https://inspirehep.net/literature/589186},
  urldate = {2021-02-14},
  archivePrefix = {arXiv},
  eprint = {gr-qc/0206072},
  journal = {Phys.Rev.D},
  language = {en}
}

@article{Cardoso:2020iji,
  title = {Eccentricity Evolution of Compact Binaries and Applications to Gravitational-Wave Physics},
  author = {Cardoso, Vitor and Macedo, Caio F. B. and Vicente, Rodrigo},
  year = {2021},
  volume = {103},
  doi = {10.1103/PhysRevD.103.023015},
  archiveprefix = {arXiv},
  eprint = {2010.15151},
  eprinttype = {arxiv},
  journal = {Phys. Rev. D},
  language = {en},
  number = {2}
}

@article{Cardoso:2020lxx,
  title = {Drifting through the Medium: Kicks and Self-Propulsion of Binaries within Accretion Discs and Other Environments},
  shorttitle = {Drifting through the Medium},
  author = {Cardoso, Vitor and Macedo, Caio F. B.},
  year = {2020},
  volume = {498},
  pages = {1963--1972},
  doi = {10.1093/mnras/staa2396},
  archiveprefix = {arXiv},
  eprint = {2008.01091},
  eprinttype = {arxiv},
  journal = {Mon. Not. R. Astron. Soc.},
  language = {en},
  number = {2}
}





